<?xml version="1.0" encoding="UTF-8"?>
<SOAP-ENV:Envelope xmlns:SOAP-ENV="http://schemas.xmlsoap.org/soap/envelope/" xmlns:of="http://oss.dbc.dk/ns/openformat" xmlns:ofo="http://oss.dbc.dk/ns/openformatoutput"><SOAP-ENV:Body><of:formatResponse><marc21><mx:record xmlns:mx="http://www.loc.gov/MARC21/slim" format="MARC21" type="Bibliographic"><mx:leader>00000dam a22000004c 4500</mx:leader><mx:controlfield tag="001">fake ocn number</mx:controlfield><mx:controlfield tag="007">cr||||</mx:controlfield><mx:controlfield tag="008">000000s2005    uik|||||o     00||0 eng|d</mx:controlfield><mx:datafield ind1=" " ind2=" " tag="010"><mx:subfield code="z">2005279908</mx:subfield></mx:datafield><mx:datafield ind1=" " ind2=" " tag="020"><mx:subfield code="a">(pbk.)</mx:subfield></mx:datafield><mx:datafield ind1="1" ind2=" " tag="029"><mx:subfield code="a">DKDLA</mx:subfield><mx:subfield code="b">810010-katalog:007926870</mx:subfield></mx:datafield><mx:datafield ind1=" " ind2=" " tag="030"><mx:subfield code="a">0199264025 (pbk.)</mx:subfield></mx:datafield><mx:datafield ind1=" " ind2=" " tag="040"><mx:subfield code="a">DKDLA</mx:subfield><mx:subfield code="b">dan</mx:subfield><mx:subfield code="c">DKDLA</mx:subfield></mx:datafield><mx:datafield ind1="1" ind2="4" tag="050"><mx:subfield code="a">P201</mx:subfield><mx:subfield code="b">.F27 2005</mx:subfield></mx:datafield><mx:datafield ind1=" " ind2="4" tag="082"><mx:subfield code="a">415</mx:subfield><mx:subfield code="2">22</mx:subfield></mx:datafield><mx:datafield ind1="1" ind2="0" tag="245"><mx:subfield code="a">Grammatical relations</mx:subfield><mx:subfield code="h">[elektronisk materiale]/</mx:subfield><mx:subfield code="c">Patrick Farrell</mx:subfield></mx:datafield><mx:datafield ind1=" " ind2=" " tag="260"><mx:subfield code="a">Oxford ;</mx:subfield><mx:subfield code="a">New York :</mx:subfield><mx:subfield code="b">Oxford University Press,</mx:subfield><mx:subfield code="c">2005</mx:subfield></mx:datafield><mx:datafield ind1="1" ind2=" " tag="490"><mx:subfield code="a">Oxford surveys in syntax and morphology ;</mx:subfield><mx:subfield code="v">1</mx:subfield></mx:datafield><mx:datafield ind1=" " ind2=" " tag="504"><mx:subfield code="a">
Includes bibliographical references (p. [217]-229) and index.
</mx:subfield></mx:datafield><mx:datafield ind1="0" ind2=" " tag="510"><mx:subfield code="a">Database Ebrary</mx:subfield></mx:datafield><mx:datafield ind1="1" ind2=" " tag="700"><mx:subfield code="a">Farrell, Patrick,</mx:subfield><mx:subfield code="d">1953-</mx:subfield></mx:datafield><mx:datafield ind1=" " ind2="0" tag="830"><mx:subfield code="a">Oxford surveys in syntax and morphology ;</mx:subfield><mx:subfield code="v">1</mx:subfield></mx:datafield><mx:datafield ind1=" " ind2=" " tag="856"><mx:subfield code="u">http://site.ebrary.com/lib/royallibrary/Doc?id=10233679</mx:subfield></mx:datafield></mx:record><hs activity="delete">DKDLA</hs><hs activity="delete">DKB</hs></marc21></of:formatResponse></SOAP-ENV:Body></SOAP-ENV:Envelope>
